
@book{auzinsh2010optically,
  title={Optically Polarized Atoms: Understanding Light-atom Interactions},
  author={Auzinsh, M. and Budker, D. and Rochester, S.},
  isbn={9780199565122},
  lccn={2010513974},
  url={http://books.google.com/books?id=btol6sg2vJoC},
  year={2010},
  publisher={OUP Oxford}
}


@book{edmonds1996angular,
  title={Angular Momentum in Quantum Mechanics},
  author={Edmonds, A.R.},
  isbn={9780691025896},
  lccn={77039796},
  series={Investigations in Physics Series},
  url={http://books.google.com/books?id=0BSOg0oHhZ0C},
  year={1996},
  publisher={Princeton University Press}
}
